%
%  Vzor bibliografické databáze pro automatickou tvorbu seznamu referencí
%  pomocí BibTeXu
%
%  Doporučený software pro správu databáze literatury formátu *.bib:
%    JabRef, http://jabref.sourceforge.net/
%
%  POZOR:
%
%    *  Písmena v názvech publikací, jež je třeba tisknout vždy velká, se musejí psát
%       do složených závorek ({T}hailand, {HIV})
%
%  ===========================================================================

@BOOK{Andel07,
  title = {Základy matematické statistiky},
  publisher = {Matfyzpress},
  year = {2007},
  author = {Anděl, J.},
  address = {Praha},
  series = {Druhé opravené vydání},
  isbn = {80-7378-001-1}
}

@article{Benjamini&Hochberg95,
  title = {Controlling the false discovery rate: a practical and powerful approach to multiple testing},
  author = {Benjamini, Yoav and Hochberg, Yosef},
  journal = {Journal of the Royal statistical society: series B (Methodological)},
  volume = {57},
  number = {1},
  pages = {289-300},
  year = {1995},
  publisher = {Wiley Online Library}
}

@article{Hochberg88,
    author = {Hochberg, Yosef},
    title = {A sharper Bonferroni procedure for multiple tests of significance},
    journal = {Biometrika},
    volume = {75},
    number = {4},
    pages = {800-802},
    year = {1988},
    month = {12},
    abstract = "{A simple procedure for multiple tests of significance based on individual p-values is derived. This simple procedure is sharper than Holm's (1979) sequentially rejective procedure. Both procedures contrast the ordered p- values with the same set of critical values. Holm's procedure rejects an hypothesis only if its p-value and each of the smaller p-values are less than their corresponding critical-values. The new procedure rejects all hypotheses with smaller or equal p-values to that of any one found less than its critical value.}"
}

@article{Holm79,
  title = {A simple sequentially rejective multiple test procedure},
  author = {Holm, Sture},
  journal = {Scandinavian journal of statistics},
  pages = {65-70},
  year = {1979},
  publisher = {JSTOR}
}

@article{Simes86,
    author = {Simes, Rober John},
    title = {An improved Bonferroni procedure for multiple tests of significance},
    journal = {Biometrika},
    volume = {73},
    number = {3},
    pages = {751-754},
    year = {1986},
    month = {12},
    abstract = "{A modification of the Bonferroni procedure for testing multiple hypotheses is presented. The method, based on the ordered p-values of the individual tests, is less conservative than the classical Bonferroni procedure but is still simple to apply. A simulation study shows that the probability of a type I error of the procedure does not exceed the nominal significance level, α, for a variety of multivariate normal and multivariate gamma test statistics. For independent tests the procedure has type I error probability equal to α. The method appears particularly advantageous over the classical Bonferroni procedure when several highly-correlated test statistics are involved.}"
}

@article{Sidak67,
  title = {Rectangular confidence regions for the means of multivariate normal distributions},
  author = {Šidák, Zbyněk},
  journal = {Journal of the American Statistical Association},
  volume = {62},
  number = {318},
  pages = {626-633},
  year = {1967},
  publisher = {Taylor \& Francis}
}

@misc{Omelka19,
    author = "{Omelka, M.}",
    title = "{NMSA331 M}atematická statistika 1 - {P}oznámky k přednášce",
    year = "2019",
    url = "https://www.karlin.mff.cuni.cz/~omelka/Soubory/nmsa331/ms1.pdf",
    note = "[{P}rístup 10-Júl-2019]"
  }
  